<collection xmlns="http://www.loc.gov/MARC21/slim"><record><leader>00792nam  2200229   450</leader><controlfield tag="001">280</controlfield><controlfield tag="003">http://montalegre.opacnet.com/OPAC/default.aspx?ContentAreaControl=ShowRegHoldings.ascx&amp;RegNo=16662</controlfield><datafield tag="095" ind1=" " ind2=" "><subfield code="a">PTBN00198898</subfield></datafield><datafield tag="100" ind1=" " ind2=" "><subfield code="a">20061013d1973    m  y0pora010305  ba</subfield></datafield><datafield tag="101" ind1="1" ind2=" "><subfield code="a">por</subfield></datafield><datafield tag="102" ind1=" " ind2=" "><subfield code="a">PT</subfield></datafield><datafield tag="200" ind1="1" ind2=" "><subfield code="a">&lt;A &gt;religiosa</subfield><subfield code="f">Denis Diderot</subfield><subfield code="g">trad. de Franco de Sousa</subfield></datafield><datafield tag="210" ind1=" " ind2=" "><subfield code="a">Mem Martins</subfield><subfield code="c">Europa-América</subfield><subfield code="d">1973</subfield></datafield><datafield tag="215" ind1=" " ind2=" "><subfield code="a">184 p.</subfield><subfield code="d">18 cm</subfield></datafield><datafield tag="225" ind1="2" ind2=" "><subfield code="a">Livros de bolso Europa-América</subfield><subfield code="v">51</subfield></datafield><datafield tag="675" ind1=" " ind2=" "><subfield code="a">821</subfield><subfield code="v">BN</subfield><subfield code="z">por</subfield></datafield><datafield tag="700" ind1=" " ind2="0"><subfield code="a">Diderot</subfield><subfield code="f">1713-1784</subfield></datafield><datafield tag="702" ind1=" " ind2="1"><subfield code="a">Sousa</subfield><subfield code="b">Franco de</subfield><subfield code="f">1926-1993</subfield><subfield code="4">730</subfield></datafield><datafield tag="801" ind1=" " ind2="0"><subfield code="a">PT</subfield><subfield code="b">Biblioteca Municipal de Montalegre</subfield><subfield code="g">RPC</subfield></datafield><datafield tag="856" ind1=" " ind2=" "><subfield code="u">locateMedia.asp?cod=20060511101629&amp;ext=jpg</subfield><subfield code="z">CAPA</subfield></datafield><datafield tag="856" ind1=" " ind2=" "><subfield code="u">locateMedia.asp?cod=20060511104009&amp;ext=jpg</subfield><subfield code="z">CAPA</subfield></datafield><datafield tag="909" ind1="&#9;" ind2=" "><subfield code="a">2</subfield></datafield><datafield tag="966" ind1=" " ind2=" "><subfield code="a">0005192</subfield><subfield code="l">BMM</subfield><subfield code="s">SCG 821 DID rel 51</subfield></datafield><datafield tag="966" ind1=" " ind2=" "><subfield code="a">0008435</subfield><subfield code="l">BMM</subfield><subfield code="s">SCG 821 DID rel</subfield></datafield></record></collection>